<?xml version="1.0" encoding="UTF-8"?><collection xmlns="http://www.loc.gov/MARC21/slim"><record><leader>00525nam--2200193-i-4500</leader><controlfield tag="001">000019756</controlfield><controlfield tag="002">20161230</controlfield><controlfield tag="005">20161230201033</controlfield><controlfield tag="008">060222s1000------------r-----000-0-eng-d</controlfield><datafield ind1=" " ind2=" " tag="040"><subfield code="a">IFIN-HH</subfield></datafield><datafield ind1=" " ind2=" " tag="080"><subfield code="a">537.523</subfield></datafield><datafield ind1="1" ind2=" " tag="100"><subfield code="a">Meek, J.M</subfield></datafield><datafield ind1="1" ind2="0" tag="245"><subfield code="a">Electrical breakdown of gases</subfield><subfield code="c">J.m. meek, j.d. craggs (eds.)</subfield></datafield><datafield ind1=" " ind2=" " tag="260"><subfield code="a">Chichester</subfield><subfield code="b">John Wiley &amp; Sons</subfield><subfield code="c">1978</subfield></datafield><datafield ind1=" " ind2=" " tag="300"><subfield code="a">X + 878 P</subfield></datafield><datafield ind1=" " ind2=" " tag="490"><subfield code="a">Wiley Series In Plasma Physics</subfield></datafield><datafield ind1="1" ind2=" " tag="700"><subfield code="a">Craggs, J.D</subfield><subfield code="e">Ed</subfield></datafield><datafield ind1=" " ind2=" " tag="852"><subfield code="a">46222</subfield><subfield code="c">537.52</subfield></datafield><datafield ind1=" " ind2=" " tag="CAT"><subfield code="a">Sys</subfield><subfield code="c">20110804</subfield><subfield code="h">122538</subfield></datafield></record></collection>